@incollection{guarino-et-al:hobook09,
	title = {{What is an Ontology?}},
	author = {Guarino, Nicola and Oberle, Daniel and Staab, Steffen},
	booktitle = {Handbook on Ontologies},
	edition = {2},
	editor = {Staab, Steffen and Studer, Rudi},
	pages = {1--17},
	publisher = {Springer},
	series = {International Handbooks on Information Systems},
	year = {2009}
}

@mastersthesis{souza:masterthesis07,
	title = {{FrameWeb: um M\'{e}todo baseado em Frameworks para o Projeto de Sistemas de Informa\c{c}\~{a}o Web}},
	author = {Souza, V\'{\i}tor E. S.},
	institution = {Universidade Federal do Esp\'{\i}rito Santo},
	url = {http://portais.ufes.br/PRPPG/ext/mono.php?progpess=2032&curso=9&prog=30001013007P0},
	year = {2007}
}

@techreport{duarte-pg14,
	title = {{Aplica{\c{c}}{\~{a}}o do M{\'{e}}todo FrameWeb no Desenvolvimento de um Sistema de Informa{\c{c}}{\~{a}}o na Plataforma Java EE 7}},
	author = {Duarte, Bruno B.},
	address = {Vit{\'{o}}ria, ES, Brasil},
	institution = {Projeto de Gradua{\c{c}}{\~{a}}o, Departamento de Inform{\'{a}}tica, Universidade Federal do Esp{\'{i}}rito Santo},
	year = {2014}
}

@techreport{prado-pg15,
	title = {{Aplica{\c{c}}{\~{a}}o do m{\'{e}}todo FrameWeb no desenvolvimento de um sistema de informa{\c{c}}{\~{a}}o utilizando o framework VRaptor 4}},
	author = {do Prado, Rodolfo Costa},
	address = {Vit{\'{o}}ria, ES, Brasil},
	institution = {Projeto de Gradua{\c{c}}{\~{a}}o, Departamento de Inform{\'{a}}tica, Universidade Federal do Esp{\'{i}}rito Santo},
	year = {2015}
}

@book{falbo:es14,
	author = {FALBO, R. de A.},
	pages = {144},
	title = {{Engenharia de Software}},
	institution = {Universidade Federal do Esp\'{\i}rito Santo},
	url = {https://inf.ufes.br/~falbo/files/ES/Notas_Aula_Engenharia_Software.pdf},
	year = {2014}
}
