%%
%% Arquivo de referências bibliográficas.
%%

% Source: http://www.igi-global.com/reference/details.asp?id=33232
@incollection{souza-et-al:iism08,
 title = {{Designing Web Information Systems for a Framework-based Construction}},
 author = {Souza, V\'{\i}tor E. S. and Falbo, Ricardo A. and Guizzardi, Giancarlo},
 booktitle = {Innovations in Information Systems Modeling: Methods and Best Practices},
 chapter = {11},
 edition = {1},
 editor = {Halpin, Terry and Proper, Eric and Krogstie, John},
 pages = {203--237},
 publisher = {IGI Global},
 year = {2008}
}

% Source: http://link.springer.com/chapter/10.1007/978-3-642-35813-5_6
@incollection{souza-et-al:sesas13,
 title = {{Awareness Requirements}},
 author = {Souza, V\'{\i}tor E. S. and Lapouchnian, Alexei and Robinson, William N. and Mylopoulos, John},
 booktitle = {Software Engineering for Self-Adaptive Systems II},
 editor = {Lemos, Rog\'{e}rio and Giese, Holger and M\"{u}ller, Hausi A. and Shaw, Mary},
 pages = {133--161},
 publisher = {Springer},
 series = {Lecture Notes in Computer Science},
 volume = {7475},
 year = {2013}
}

% Source: http://link.springer.com/10.1007/s00450-012-0232-2
@article{souza-et-al:csrd13,
 title = {{Requirements-driven software evolution}},
 author = {Souza, V\'{\i}tor E. Silva and Lapouchnian, Alexei and Angelopoulos, Konstantinos and Mylopoulos, John},
 journal = {Computer Science - Research and Development},
 number = {4},
 pages = {311--329},
 publisher = {Springer},
 volume = {28},
 year = {2013}
}

% Source: http://dx.doi.org/10.1002/spe.2245
@article{souza-mylopoulos:spe13,
 title = {{Designing an adaptive computer-aided ambulance dispatch system with Zanshin: an experience report}},
 author = {Souza, V\'{\i}tor E. Silva and Mylopoulos, John},
 editor = {Wellings, Andy},
 journal = {Software: Practice and Experience (online first: http://dx.doi.org/10.1002/spe.2245)},
 publisher = {Wiley},
 year = {2013}
}

@article{offutt:eis02,
 title = {{Quality Attributes of Web Software Applications}},
 author = {Offutt, Jeff},
 journal = {Engineering Internet Software. doi: 10.1109/52.991329},
 number = {8},
 pages = {25--32},
 publisher = {IEEE Software},
 year = {2002}
}

%Léo
@incollection{guarino-et-al:hobook09,
	title = {{What is an Ontology?}},
	author = {Guarino, Nicola and Oberle, Daniel and Staab, Steffen},
	booktitle = {Handbook on Ontologies},
	edition = {2},
	editor = {Staab, Steffen and Studer, Rudi},
	pages = {1--17},
	publisher = {Springer},
	series = {International Handbooks on Information Systems},
	year = {2009}
}

@mastersthesis{souza:masterthesis07,
	title = {{FrameWeb: um M\'{e}todo baseado em Frameworks para o Projeto de Sistemas de Informa\c{c}\~{a}o Web}},
	author = {Souza, V\'{\i}tor E. S.},
	institution = {Universidade Federal do Esp\'{\i}rito Santo},
	url = {http://portais.ufes.br/PRPPG/ext/mono.php?progpess=2032&curso=9&prog=30001013007P0},
	year = {2007}
}

@techreport{duarte-pg14,
	title = {{Aplica{\c{c}}{\~{a}}o do M{\'{e}}todo FrameWeb no Desenvolvimento de um Sistema de Informa{\c{c}}{\~{a}}o na Plataforma Java EE 7}},
	author = {Duarte, Bruno B.},
	address = {Vit{\'{o}}ria, ES, Brasil},
	institution = {Projeto de Gradua{\c{c}}{\~{a}}o, Departamento de Inform{\'{a}}tica, Universidade Federal do Esp{\'{i}}rito Santo},
	year = {2014}
}

@techreport{prado-pg15,
	title = {{Aplica{\c{c}}{\~{a}}o do m{\'{e}}todo FrameWeb no desenvolvimento de um sistema de informa{\c{c}}{\~{a}}o utilizando o framework VRaptor 4}},
	author = {do Prado, Rodolfo Costa},
	address = {Vit{\'{o}}ria, ES, Brasil},
	institution = {Projeto de Gradua{\c{c}}{\~{a}}o, Departamento de Inform{\'{a}}tica, Universidade Federal do Esp{\'{i}}rito Santo},
	year = {2015}
}

@techreport{peruch-pg07,
	title = {{Aplica{\c{c}}{\~{a}}o e An{\'{a}}lise do M{\'{e}}todo FrameWeb com Diferentes Frameworks Web}},
	author = {Peruch, Leonardo Ara{\'{u}}jo},
	institution = {Projeto de Gradua{\c{c}}{\~{a}}o (orientador principal: Giancarlo Guizzardi), Colegiado do Curso de Ci{\^{e}}ncia da Computa{\c{c}}{\~{a}}o, Universidade Federal do Esp{\'{i}}rito Santo},
	address = {Vit{\'{o}}ria, ES, Brasil},
	year = {2007}
}

@book{falbo:es14,
	author = {FALBO, Ricardo de A.},
	pages = {144},
	title = {{Engenharia de Software}},
	institution = {Universidade Federal do Esp\'{\i}rito Santo},
	url = {https://inf.ufes.br/~falbo/files/ES/Notas_Aula_Engenharia_Software.pdf},
	year = {2014}
}

@book{falbo:er17,
	author = {FALBO, Ricardo de A.},
	pages = {178},
	title = {{Engenharia de Requisitos}},
	institution = {Universidade Federal do Esp\'{\i}rito Santo},
	url = {https://www.inf.ufes.br/~falbo/files/ER/Notas_Aula_Engenharia_Requisitos.pdf},
	year = {2017}
}

@book{falbo:pss18,
	author = {FALBO, Ricardo de A.},
	pages = {131},
	title = {{Projeto de Sistemas de Software}},
	institution = {Universidade Federal do Esp\'{\i}rito Santo},
	url = {https://www.inf.ufes.br/~falbo/files/PSS/Notas_Aula_Projeto_Sistemas_2018.pdf},
	year = {2018}
}

@book{pressman:es11,
	author = {Pressman, Roger S.},
	pages = {771},
	title = {{Engenharia de Software: Uma Abordagem Profissional}},
	edition = {7},	
	publisher = {AMGH Editora Ltda},	
	year = {2011},
	ISBN = {978-85-8055-044-3}
}

@book{booch-et-al:u06,
	author = {Grandy Booch and James Rumbaugh and Ivar Jacobson},
	pages = {89},
	title = {{UML: Guia do Usuário}},
	publisher = {Elsevier Editora Ltda},
	year = {2006},
	ISBN = {13 978-85-352-1784-1}
}

@book{beder:ew12,
	author = {Beder, Delano M.},
	pages = {213},
	title = {{Engenharia Web: Uma abordagem sistemática para o desenvolvimento de aplicações web}},
	publisher = {UAB-UFSCar},
	year = {2012},
	ISBN = {978-85-7600-290-1}
}

@book{amui:pds15,
	author = {Amui, Saulo F.},
	pages = {176},
	title = {{Processos de desenvolvimento de software}},
	publisher = {SESES},
	year = {2015},
	ISBN = {978-85-5548-040-9}
}

@book{fowler:peaa02,
	author = {Fowler, Martin},
	pages = {560},
	title = {{Patterns of Enterprise Application Architecture}},
	publisher = {Addison-Wesley Professional},
	year = {2002},
	ISBN = {0-321-12742-0}
}

@book{alur-et-al:bpds03,
	author = {Alur, Deepak and Crupi, John and Malks, Dan},
	pages = {650},
	title = {{Core J2EE Patterns: Best Practices and Design Strategies}},
	edition = {2},	
	publisher = {Pearson},
	year = {2003},
	ISBN = {0-131-42246-4}
}

@book{bauer-et-al:jpwh07,
	author = {Bauer, Christian and King, Gavin},
	pages = {841},
	title = {{Java Persistence with Hibernate}},
	edition = {1},	
	publisher = {Manning Publications},
	year = {2007},
	ISBN = {1-932-39488-5}
}

@book{weissmann:fgapdw15,
	author = {Weissmann, Henrique L.},
	pages = {411},
	title = {{Falando de Grails. Altíssima Produtividade no Desenvolvimento Web}},
	edition = {1},	
	publisher = {Casa do Código},
	year = {2015},
	ISBN = {8-555-19025-8}
}